@misc{AA16,
Author = {Atul Singh Arora and  Arvind},
Title = {A non-contextual hidden variable model for quantum mechanics},
Year = {2016},
Eprint = {arXiv:1607.03498},
}

@article{AA15,
  title = {Proposal for a macroscopic test of local realism with phase-space measurements},
  author = {Arora, Atul S. and Asadian, Ali},
  journal = {Phys. Rev. A},
  volume = {92},
  issue = {6},
  pages = {062107},
  numpages = {8},
  year = {2015},
  month = {Dec},
  publisher = {American Physical Society},
  doi = {10.1103/PhysRevA.92.062107},
  url = {http://link.aps.org/doi/10.1103/PhysRevA.92.062107}
}

@misc{msThesis,
  title = {Master of Science, Thesis},
  author = {Atul Singh Arora},
  howpublished={\href{https://github.com/toAtulArora/msThesis/}{github.com/toAtulArora/msThesis/}}
}